@book{UPCSE2018,
author = {UPCSE},
mendeley-groups = {UCL/PhysicsInterference},
pages = {1--80},
title = {{Physics Laboratory Experiments}},
year = {2018}
}
@article{mohr2016, place={Gaithersburg}, title={The 2014 CODATA Recommended Values of the Fundamental Physical Constants}, url={http://physics.nist.gov/constants}, author={Mohr, P J}, year={2016}}
